@manual{hoge,
	title = {aaa},
}

@manual{emscripten-asyncify,
	author = {Emscripten},
	title = {Asyncify},
	url = {https://emscripten.org/docs/porting/asyncify.html},
}
